@book{lectureNotes,
	author = {M. Hjorth-Jensen},
	Title = {Computational physics, lecture notes},
	Year = {2015},
}
@misc{isingIntro,
	author = {Lubetzky E.},
	title = {The Static and Stochastic Ising Models},
	howpublished = {\url{http://cims.nyu.edu/~eyal/talks/stanford_col_ising.pdf}},
}
@misc{superUseful,
	title={Phase Transition and Collective Phenomena chapter 1},
	author = {Simons B.},
	howpublished={\url{http://www.tcm.phy.cam.ac.uk/~bds10/phase/introduction.pdf}},
}
