@book{astrophysics,
author = "Caroll W. B. and Ostlie A. D.",
title = "An Introduction to Modern Astrophysics",
publisher = "PEARSON",
year = "2007",
}
@misc{odeNotes,
author = "Hjorth-Jensen M. ",
title = "Computational Physics Lectures: Ordinary differential equations",
howpublished = {\url{http://compphysics.github.io/ComputationalPhysics/doc/pub/ode/pdf/ode-print.pdf}},
year="2016",
}
@misc{orbitalSpeed,
title = {Orbital speed},
howpublished = {\url{https://en.wikipedia.org/wiki/Orbital_speed}},
}
@misc{errorshereandthere,
title = {Accuracy of numerical methods},
howpublished = {\url{http://web.mit.edu/16.90/BackUp/www/pdfs/Chapter3.pdf}}
}
@misc{projectDescription,
title = {Project 3},
author = "Hjorth-Jensen M. ",
howpublished = {\url{https://github.com/CompPhysics/ComputationalPhysics/blob/gh-pages/doc/Projects/2016/Project3/pdf/Project3.pdf}},
}
