https://github.com/CompPhysics/ComputationalPhysics/blob/master/doc/Projects/2016/Project2/project2_2016.pdf

@misc{projectDesc, 
	author = "M. Hjorth-Jensen", 
	Title = {Project description}, 
	howpublished = "\url{https://github.com/CompPhysics/ComputationalPhysics/blob/master/doc/Projects/2016/Project2/project2_2016.pdf}",
	YEAR = 2016, 
} 
@misc{usefulAndInteresting,
	Title = {Quantum Harmonic Oscillator},
	howpublished = "\url{https://en.wikipedia.org/wiki/Quantum_harmonic_oscillator}",
		}
@book{lectureNotes,
	author = "M. Hjorth-Jensen",
	Title = {Computational physics, lecture notes}, 
	Year = 2015
	}